@misc{fedramp_auth_playbook,
  author       = {FedRAMP},
  title        = {FedRAMP CSP Authorization Playbook},
  howpublished = {\url{https://web.archive.org/web/20250413105351/https://www.fedramp.gov/assets/resources/documents/CSP_Authorization_Playbook.pdf}},
  date         = {2025-01-17},
  year         = {2025}
}